@article{leishman2014accel,
  author={Leishman, Rob and Macdonald, John and Beard, Randal  and McLain, Tim},
  journal={IEEE Control Systems Magazine},
  title={Quadrotors and Accelerometers: State Estimation with an Improved Dynamic Model},
  year={2014},
  volume={34},
  number={1},
  pages={28-41},
  keywords={accelerometers;attitude measurement;autonomous aerial vehicles;helicopters;robot dynamics;state estimation;velocity measurement;velocity estimation;attitude estimation;quadrotor flight;obstacle avoidance;confined spaces;unknown-complex environments;autonomous flight;dynamic model;state estimation;accelerometers;Unmanned aerial vehicles;Rotors;Aircraft navigation;Sensors;Algorithm design and analysis},
  doi={10.1109/MCS.2013.2287362},
  ISSN={1066-033X},
  month={Feb},
}
